@misc{oldperth,
  title={OldPerth: Mapping historical photos from the State Library of WA},
  author={Sussanah Soon},
  year={2018},
  howpublished={\url{https://susannahsoon.github.io/}}
}

@misc{oldnyc,
  title={OldNYC: Mapping historical photos from the NYPL},
  author={Daniel Vanderkam},
  year={2018},
  howpublished={\url{https://www.oldnyc.org/}}
}

@misc{datefinder,
  title={datefinder - extract dates from text},
  author={Alec Koumjian},
  year={2017},
  howpublished={\url{https://github.com/akoumjian/datefinder}},
  commit={e648129e4aaa08c598676372f1f10d6e33f1b436}
}

@misc{mappify,
  title={mappify.io - simple geocoding and routing for Australia},
  author={Phosphorous Labs},
  year={2016},
  howpublished={\url{http://mappify.io/}}
}

@inproceedings{dlib_face,
  title={One millisecond face alignment with an ensemble of regression trees},
  author={Kazemi, Vahid and Josephine, Sullivan},
  booktitle={27th IEEE Conference on Computer Vision and Pattern Recognition, CVPR 2014, Columbus, United States, 23 June 2014 through 28 June 2014},
  pages={1867--1874},
  year={2014},
  organization={IEEE Computer Society}
}

@misc{opencv_clahe,
  title={Histograms - 2: Histogram Equalization},
  author={OpenCV Docs},
  year={2015},
  howpublished={\url{https://docs.opencv.org/3.1.0/d5/daf/tutorial_py_histogram_equalization.html}}
}

@inproceedings{opencv_text,
  title={Real-time scene text localization and recognition},
  author={Neumann, Luka and Matas, Ji},
  booktitle={Computer Vision and Pattern Recognition (CVPR), 2012 IEEE Conference on},
  pages={3538--3545},
  year={2012},
  organization={IEEE}
}

@misc{pillow,
  title={Pillow - the friendly PIL fork (Python Imaging Library)},
  author={Clark, Alex and Lundh, Fredrik},
  year={2018},
  howpublished={\url{https://github.com/python-pillow/Pillow}},
  commit={c013188594ba44fcd42e1adca3e4744e3983c2a0}
}

@misc{requests,
  title={Python HTTP Requests for Humans},
  author={Kenneth Reitz},
  year={2018},
  howpublished={\url{https://github.com/requests/requests}},
  commit={b66908e7b647689793e299edc111bf9910e93ad3}
}

@article{whitelaw2015,
  title={Generous Interfaces for Digital Cultural Collections.},
  author={Whitelaw, Mitchell},
  journal={DHQ: Digital Humanities Quarterly},
  volume={9},
  number={1},
  year={2015}
}

@misc{pymarc,
  title={Pymarc},
  author={Gabriel~Farrell and Mark~Matienzo and Ed~Summers},
  year={2005--2016},
  howpublished={\url{https://github.com/edsu/pymarc}},
  commit={8affc58bed49291319b21e4ce530e809631e8c4f}
}

@inproceedings{tensorflow,
  title={TensorFlow: A System for Large-Scale Machine Learning.},
  author={Abadi, Mart{\'\i}n and Barham, Paul and Chen, Jianmin and Chen, Zhifeng and Davis, Andy and Dean, Jeffrey and Devin, Matthieu and Ghemawat, Sanjay and Irving, Geoffrey and Isard, Michael and others},
  booktitle={OSDI},
  volume={16},
  pages={265--283},
  year={2016}
}

@article{sqlalchemy,
  title={SQLAlchemy},
  author={Bayer, Michael},
  journal={The Architecture of Open Source Applications: Elegance, Evolution, and a Few More Fearless Hacks},
  volume={2},
  year={2014}
}

@book{postgresql,
  title={PostgreSQL: introduction and concepts},
  author={Momjian, Bruce},
  volume={192},
  year={2001},
  publisher={Addison-Wesley New York}
}

@article{pandas,
  title={pandas: a foundational Python library for data analysis and statistics},
  author={McKinney, Wes},
  journal={Python for High Performance and Scientific Computing},
  pages={1--9},
  year={2011}
}

@inproceedings{tesseract,
  title={An overview of the Tesseract OCR engine},
  author={Smith, Ray},
  booktitle={Document Analysis and Recognition, 2007. ICDAR 2007. Ninth International Conference on},
  volume={2},
  pages={629--633},
  year={2007},
  organization={IEEE}
}

@inproceedings{hyperopt,
  title={Hyperopt: A python library for optimizing the hyperparameters of machine learning algorithms},
  author={Bergstra, James and Yamins, Dan and Cox, David D},
  booktitle={Proceedings of the 12th Python in Science Conference},
  pages={13--20},
  year={2013},
  organization={Citeseer}
}

@article{dlib,
  title={Dlib-ml: A machine learning toolkit},
  author={King, Davis E},
  journal={Journal of Machine Learning Research},
  volume={10},
  number={Jul},
  pages={1755--1758},
  year={2009}
}


@article{opencv,
  title={OpenCV},
  author={Bradski, Gary and Kaehler, Adrian},
  journal={Dr. Dobbâ€™s journal of software tools},
  volume={3},
  year={2000}
}

@inproceedings{hdf5,
  title={An overview of the HDF5 technology suite and its applications},
  author={Folk, Mike and Heber, Gerd and Koziol, Quincey and Pourmal, Elena and Robinson, Dana},
  booktitle={Proceedings of the EDBT/ICDT 2011 Workshop on Array Databases},
  pages={36--47},
  year={2011},
  organization={ACM}
}

@article{pytables,
  title={PyTables: processing and analyzing extremely large amounts of data in Python},
  author={Alted, Francesc and Fern{\'a}ndez-Alonso, Mercedes},
  journal={PyCon2003. April},
  pages={1--9},
  year={2003}
}

@inproceedings{he2016,
  title={Deep residual learning for image recognition},
  author={He, Kaiming and Zhang, Xiangyu and Ren, Shaoqing and Sun, Jian},
  booktitle={Proceedings of the IEEE conference on computer vision and pattern recognition},
  pages={770--778},
  year={2016}
}

@inproceedings{karpathy2015,
  title={Deep visual-semantic alignments for generating image descriptions},
  author={Karpathy, Andrej and Fei-Fei, Li},
  booktitle={Proceedings of the IEEE conference on computer vision and pattern recognition},
  pages={3128--3137},
  year={2015}
}

@inproceedings{ardeshir2015,
  title={Geo-semantic segmentation},
  author={Ardeshir, Shervin and Malcolm Collins-Sibley, Kofi and Shah, Mubarak},
  booktitle={Proceedings of the IEEE Conference on Computer Vision and Pattern Recognition},
  pages={2792--2799},
  year={2015}
}